@book{firedberg:1958,
author = {Richard M. Friedberg},
year = {1958},
title = {Three Theorems on Recursive Enumeration. I. Decomposition. II. Maximal Set. III. Enumeration Without Duplication},
publisher = {Journal of Symbolic Logic},
volume = {23},
number={3},
pages={309--316}
}